<?xml version="1.0" encoding="UTF-8"?><record xmlns="http://www.loc.gov/MARC21/slim" xmlns:cinclude="http://apache.org/cocoon/include/1.0" xmlns:zs="http://www.loc.gov/zing/srw/">
  <leader>00339cz  a2200121n  4500</leader>
  <controlfield tag="001">n 2009000279</controlfield>
  <controlfield tag="003">DLC</controlfield>
  <controlfield tag="005">20090106093654.0</controlfield>
  <controlfield tag="008">090105n| acannaabn          |n aaa      </controlfield>
  <datafield tag="010" ind1=" " ind2=" ">
    <subfield code="a">n 2009000279</subfield>
  </datafield>
  <datafield tag="040" ind1=" " ind2=" ">
    <subfield code="a">DLC</subfield>
    <subfield code="b">eng</subfield>
    <subfield code="c">DLC</subfield>
  </datafield>
  <datafield tag="100" ind1="1" ind2=" ">
    <subfield code="a">Wang, Shujin,</subfield>
    <subfield code="d">1904-1981</subfield>
  </datafield>
  <datafield tag="670" ind1=" " ind2=" ">
    <subfield code="a">Bagua linked palms, 2009:</subfield>
    <subfield code="b">ECIP data view (Wang Shujin; b. 1904; d. 1981)</subfield>
  </datafield>
</record>